1949 2878
923 95 1015 149 -.2

368 219 466 259 Tum
493 233 582 259 vero
610 219 679 258 ubi
705 218 822 258 etiam
841 217 1031 257 exercitus
1058 218 1101 257 in
1119 216 1329 268 provinciis
1347 216 1526 258 dislocati
1547 217 1615 269 jus
1636 217 1746 269 prin-

186 276 189 280 ’
259 283 357 334 cipis
378 283 545 333 eligendi
565 283 640 321 sibi
660 281 963 327 vindicaverunt,
990 285 1030 320 et
1047 282 1315 332 unusquisque
1328 294 1467 321 eorum
1484 281 1561 321 sibi
1577 282 1744 322 maxime

259 347 358 386 illud
382 348 447 398 jus
475 346 607 385 deberi
627 346 797 396 putavit,
824 345 949 384 omnis
973 349 1182 396 tempestas
1208 345 1400 385 bellorum
1426 345 1598 385 civilium
1623 346 1745 404 impe-

259 411 319 452 rio
347 424 482 450 rursus
509 395 745 450 imminebat.
753 409 785 462 ¹)
839 408 939 448 Nam
975 422 1055 448 non
1089 410 1215 449 solum
1248 423 1318 449 suo
1348 409 1511 454 arbitrio
1539 397 1743 449 Gaesarem

259 476 335 516 sibi
363 477 572 526 elegerunt,
599 475 667 514 sed
692 474 855 514 electum
882 487 1047 525 quoque,
1075 474 1154 515 alio
1181 475 1306 527 majus
1333 475 1477 515 donum
1495 474 1644 523 licente,
1670 474 1745 514 ite-
1801 509 1804 516 ,
1870 516 1877 524 ,
1941 480 1949 521 ζ

258 553 345 579 rum
372 553 566 578 removere
589 539 676 578 ausi
704 543 806 586 sunt,
833 539 890 578 ita
916 543 972 585 ut,
999 548 1077 590 quo
1104 540 1229 590 magis
1257 541 1422 591 quisque
1439 539 1588 590 rapinis
1611 543 1651 578 et
1675 553 1744 590 pe·

257 605 448 644 tulantiae
473 604 640 642 militum
666 603 832 649 favebat,
858 615 902 642 eo
930 603 1077 645 diutius
1103 603 1321 655 imperaret.

367 678 611 728 Quamquam
637 681 768 716 autem
794 676 1017 716 miseranda
1050 676 1122 717 ina
1148 691 1280 718 rerum
1315 673 1487 718 conditio
1513 677 1629 718 'breve
1656 678 1744 738 qui-

259 743 346 782 dem
372 747 524 793 tempus
551 742 771 792 imperium
784 742 993 793 quassavit,
1021 756 1142 793 quum
1169 743 1277 783 brevi
1304 743 1512 795 disciplina
1538 743 1646 795 apud
1670 743 1743 783 mi-

257 807 346 847 lites
382 807 673 852 restitueretur,
707 810 839 846 tamen
874 811 1029 858 postero
1065 811 1257 862 tempore,
1295 809 1469 859 exemplo
1496 808 1613 848 semel
1639 807 1742 855 dato

258 871 393 922 eadem
428 883 577 923 semper
613 871 802 922 pernicies
839 871 972 912 rediit.
1023 870 1132 919 Quae
1165 872 1323 923 quidem
1359 870 1433 913 ‘soli
1466 866 1639 920 Galbae,
1674 871 1743 925 qui

257 936 367 976 illam
394 935 561 983 ruinam,
588 936 630 974 in
657 948 776 986 quam
801 940 938 987 postea
966 936 1103 976 civitas
1130 936 1278 983 incidit,
1305 939 1454 988 primus
1481 929 1656 984 adduxit,
1678 937 1743 976 ιιι-

257 1000 468 1040 hilominus
487 1000 640 1040 crimini
658 1000 824 1041 attribui
848 1013 930 1041 non
946 1005 1086 1053 potest,
1113 1013 1233 1053 quum
1258 1001 1343 1053 ipse
1368 1001 1410 1041 in
1434 1000 1743 1051 administranda

258 1065 435 1111 civitate,
472 1078 589 1115 quam
617 1078 658 1103 se
685 1064 918 1104 auctoritate
944 1069 1102 1105 senatus
1128 1066 1320 1116 accepisse
1345 1067 1518 1146 putavit,
1554 1069 1748 1117 quantum

257 1129 342 1169 fieri
369 1130 509 1181 potuit,
537 1142 688 1169 summa
715 1133 890 1169 uteretur
915 1128 1191 1170 moderatione.

367 1204 475 1251 Quae
502 1217 621 1255 quum
648 1204 705 1243 ita
732 1192 828 1249 sint,
856 1204 1007 1244 Galbae
1033 1205 1115 1243 vita
1141 1209 1261 1257 atque
1286 1217 1348 1244 res
1375 1210 1526 1252 gestae,
1553 1218 1654 1259 quae
1680 1218 1743 1244 ac-

256 1268 430 1309 curatius
458 1271 752 1319 exponerentur,
779 1267 875 1308 mihi
903 1269 999 1308 satis
1021 1268 1168 1319 ‚dignae
1195 1273 1277 1309 esse
1303 1268 1583 1320 videbantur.²)

366 1342 550 1389 Quamvis
577 1343 829 1393 imperatores
856 1343 1047 1389 Tiberius,
1076 1342 1204 1395 cajus,
1232 1343 1420 1397 Claudius
1444 1344 1648 1394 imperium
1666 1343 1744 1383 Ro-

255 1420 415 1447 manum
443 1420 531 1445 cum
558 1406 721 1447 saevitia
747 1411 864 1459 atque
890 1406 1125 1457 indignitate
1151 1406 1586 1460 administravissent‚³)
1613 1419 1745 1446 omnes

254 1477 387 1511 tamen
413 1471 517 1510 Nero
554 1471 731 1522 nequitia
764 1471 902 1518 multo>
924 1471 1143 1522 superavit;
1178 1484 1304 1522 neque
1338 1470 1411 1525 hoc
1438 1472 1589 1512 mirum.
1643 1470 1744 1512 Nam

255 1536 340 1588 ipse
367 1539 479 1587 pater
505 1531 701 1575 Domitius
738 1534 873 1574 amicis
910 1534 958 1574 de
984 1533 1137 1575 Nerone
1170 1534 1252 1574 filio
1280 1539 1373 1575 nato
1408 1534 1484 1574 sibi
1511 1532 1744 1586 gratulantiss

255 1601 350 1640 bus:
382 1600 485 1647 „Nec
512 1600 631 1646 enim,
658 1600 806 1652 inquit,
833 1599 918 1639 fieri
946 1600 1028 1640 ullo
1055 1599 1169 1640 modo
1196 1604 1342 1651 potest,
1378 1604 1423 1640 ut
1448 1613 1496 1639 ex
1521 1613 1583 1640 me
1609 1603 1648 1640 et
1673 1599 1743 1640 illa

255 1663 315 1703 vir
342 1663 468 1703 bonus
495 1667 680 1702 nascatur
688 1668 724 1710 ;“
760 1663 885 1713 quod,
912 1668 957 1702 ut
983 1663 1060 1702 Dio
1088 1662 1245 1702 Cassius
1271 1663 1402 1709 addit,
1429 1676 1508 1702 non
1535 1675 1583 1702 ex
1609 1664 1744 1703 vatici-

256 1729 334 1774 nio,
362 1728 430 1767 sed
458 1741 505 1767 ex
533 1728 614 1767 suis
642 1732 682 1767 et
706 1727 948 1779 Agrippinae
972 1727 1146 1767 moribus
1173 1723 1469 1780 praevideraffl)

365 1802 478 1849 Quod
497 1815 615 1853 quam
634 1815 722 1841 vere
740 1806 854 1852 pater
870 1802 1123 1854 praedixerit,
1144 1802 1320 1844 celeriter
1337 1806 1516 1852 apertum
1534 1807 1602 1849 est.
1643 1801 1744 1852 Nam

256 1867 359 1907 Nero
393 1867 599 1919 imperium
635 1866 793 1907 omnino
840 1866 1041 1918 negligens
1087 1866 1191 1908 solas
1237 1865 1473 1918 sequebatur
1516 1866 1743 1918 voluptates.

255 1932 469 1983 Praecipue
496 1935 627 1971 autem
651 1931 755 1971 ludis
783 1935 822 1971 et
848 1931 1008 1971 scenicis
1026 1935 1066 1971 et
1080 1931 1316 1971 circensibus
1334 1930 1488 1981 deditus
1513 1943 1593 1978 non
1619 1931 1745 1971 solum

258 2011 299 2037 se
338 1997 467 2048 ipsum
494 2000 715 2036 cantantem
752 2000 792 2036 et
817 1995 1062 2047 aurigantem
1097 1995 1221 2036 oculis
1256 1994 1429 2046 universi
1453 1994 1597 2048 populi.
1615 1998 1744 2043 osten-

257 2061 368 2107 tavit,
395 2060 463 2100 sed
489 2064 679 2111 utquam
704 2060 907 2100 minimum
934 2073 982 2100 ex
1008 2060 1084 2100 hac
1109 2073 1153 2099 re
1179 2063 1335 2111 caperet
1360 2059 1579 2108 dedecui-ist,
1605 2059 1745 2100 hones-

255 2124 449 2165 tissimum
484 2137 676 2177 quemque
709 2124 885 2178 equitum
919 2124 1262 2182 consulariumque
1287 2123 1391 2164 idem
1415 2123 1544 2164 facere
1569 2123 1745 2176 coegit-⁵)

247 2182 392 2240 ‘Neque
427 2188 489 2228 his
525 2189 642 2229 rebus
677 2192 882 2229 contentus
917 2201 1039 2240 quum
1072 2201 1167 2228 suae
1202 2192 1288 2230 tum
1332 2188 1500 2232 alienun
1533 2188 1747 2256 pudicitiae

189 2308 193 2313 ff
256 2267 504 2326 nequaquam
529 2252 712 2306 pepercit.
738 2277 792 2283 —
818 2252 997 2304 Longum
1024 2256 1105 2301 est,
1139 2252 1229 2293 alia
1247 2264 1431 2293 enarrare
1457 2252 1621 2307 scelera,
1646 2251 1745 2304 qui-

255 2318 330 2358 bus
356 2318 563 2369 imperium
589 2318 807 2358 Romanum
834 2317 1155 2369 deformaveriffl)

347 2458 372 2499 ¹)
393 2457 434 2491 cf.
455 2457 557 2491 Tacit.
579 2457 666 2492 Hist.
686 2457 726 2496 1.‚
747 2457 800 2490 50.
823 2474 865 2480 -—
889 2457 916 2498 ς)
936 2456 977 2491 d.
1004 2456 1143 2491 Crevier.
1168 2456 1255 2490 Hist.
1282 2456 1338 2491 ἀοι
1364 2465 1546 2498 empereuts
1572 2456 1744 2497 Romains,

256 2512 309 2552 V„
337 2521 369 2555 p.
393 2512 424 2545 3.
446 2529 489 2535 -
510 2511 550 2544 cf.
573 2511 762 2550 Schlosser„
789 2510 811 2544 1.
833 2510 957 2550 c.V.IV'.,
984 2520 1015 2553 p.
1043 2511 1117 2546 227.
1145 2528 1187 2535 --
1216 2511 1243 2552 ⁸)
1270 2510 1310 2543 cf.
1341 2509 1380 2544 de
1406 2510 1473 2543 illis
1499 2510 1745 2552 imperatoribus

255 2565 447 2601 Philostrat.
476 2557 525 2599 de*
538 2565 600 2599 xit.
626 2564 734 2608 Apoll.
760 2564 810 2599 ed.
832 2562 997 2605 olearias,
1018 2564 1081 2605 .V.,
1108 2575 1135 2599 c.
1157 2565 1217 2604 32,
1243 2574 1275 2606 p.
1297 2564 1373 2599 214.
1400 2581 1441 2590 --
1469 2564 1498 2606 ⁴)
1518 2564 1611 2598 Dion.
1639 2563 1745 2599 Cassii

257 2620 310 2652 61.
333 2621 363 2653 2.
384 2637 426 2643 —-
450 2619 477 2660 δ)
498 2618 538 2652 cf.
562 2619 663 2652 Tacit.
685 2629 736 2652 an.
758 2618 858 2657 XIV„
882 2619 933 2652 15.
978 2618 1097 2652 Sueten
1119 2618 1179 2652 No.
1209 2619 1259 2651 ll.
1282 2636 1323 2642 —
1348 2617 1375 2660 ο)
1395 2617 1435 2652 ci.
1456 2617 1578 2658 Zonar„
1597 2618 1745 2658 111412.
